%!TEX root=bare_conf.tex
\section{Reference}\label{sec:reference}
%1
@inproceedings{W05,
author    = {Andrew D. Wilson},
title         = {Playanywhere: a compact interactive tabletop projection-vision system},
booktitle = {Proc.\ 18th Annual Symposium on User Interface Software and Technology - {UIST}},
year       = {83-92},
pages     = {2005},
}
%2
@inproceedings{XZX11,
  author    = {Zhenbo Xu and
               Jian Zhang and
               Zhongxing Xu},
  title     = {Memory Leak Detection Based On Memory State Transition Graph},
  booktitle = {Proc.\ Asia-Pacific Software Engineering Conference - {APSEC}},
  pages     = {33-40},
  year      = {2011},
}
%3
@article{NL10,
  author    = {David J. Nott and
               Chenlei Leng},
  title     = {Bayesian projection approaches to variable selection in generalized
               linear models},
  journal   = {Computational Statistics {\&} Data Analysis},
  volume    = {54},
  number    = {12},
  pages     = {3227-3241},
  year      = {2010},
}
%4
@inproceedings{LLQ16,
  author    = {Xin Li,
               Yongjuan Liang and
               Hong Qian etc.},
  title     = {Symbolic Execution of Complex Program Driven by Machine Learning Based Constraint Solving},
  booktitle = {Proc.\ Conference on Automated Software Engineering - {ASE}},
  pages     = {554-559},
  year      = {2016},
}
%5
@inproceedings{NBZ09,
  author    = {Gene Novark and
               Emery D. Berger and
               Benjamin G. Zorn},
  title     = {Efficiently and precisely locating memory leaks and bloat},
  booktitle = {Proc.\ Conference on Programming
               Language Design and Implementation - {PLDI}},
  pages     = {397-407},
  year      = {2009},
}
%6
@article{XZX15,
author = {Zhenbo Xu and
           Jian Zhang and
           Zhongxing Xu},
title = {Melton: a practical and precise memory leak detection tool for C programs},
journal = {Frontiers of Computer Science},
volumn = {9},
number = {1},
pages = {34-54},
year = {2015},
}
%7
@inproceedings{CO10,
  author    = {James Clause and
               Alessandro Orso},
  title     = {LEAKPOINT: Pinpointing the Causes of Memory Leaks},
  booktitle = {Proc.\ International Conference on Software Engineering - {ICSE}},
  pages     = {515-524},
  year      = {2010},
}
%8
@article{ZW01,
author = {Jian Zhang and Xiaoxu Wang},
title = {A Constraint Solver and its Application to Path Feasibility Analysis},
journal = {International Journal of Software Engineering and Knowledge Engineering},
volumn = {11},
number = {2},
pages = {139-156},
year = {2001},
}
%9
@inproceedings{OR06,
  author    = {Maksim Orlovich and
               Radu Rugina},
  title     = {Memory Leak Analysis by Contradiction},
  booktitle = {Proc.\ 13th International Symposium on Static Analysis - {SAS}},
  pages     = {405-424},
  year      = {2006},
}
%10
@inproceedings{DWC12,
  author    = {Longming Dong and	
				Ji Wang	and
				Liqian Chen},
  title     = {Modular Heap Abstraction-Based Memory Leak Detection for Heap-Manipulating Programs},
  booktitle = {Proc.\ 19th Asia-Pacific Software Engineering Conference - {APSEC}},
  pages     = {20-29},
  year      = {2012},
}
%11
@inproceedings{MGD14,
  author    = {Jagadiswar Mohapatra and	
				Soumyajit Giri and
				Kumar Debasis},
  title     = {Slicing complex C++ program dynamically},
  booktitle = {Proc.\ International Conference on Advanced Communication Control and Computing Technologies - {ICACCCT}},
  pages     = {1765-1770},
  year      = {2014},
}
%12
@inproceedings{JSHB13,
  author    = {Brittany Johnson, Yoonki Song, Emerson Murphy-Hill and
               Robert Bowdidge},
  title     = {Why Donâ€™t Software Developers Use Static Analysis Tools to Find Bugs?},
  booktitle = {Proc.\ International Conference on Software Engineering - {ICSE}},
  pages     = {672-681},
  year      = {2013},
}
%13
@inproceedings{HL06,
  author    = {David L. Heine and
				Monica S. Lam},
  title     = {Static detection of leaks in polymorphic containers},
  booktitle = {Proc.\ International Conference on Software Engineering - {ICSE}},
  pages     = {252-261},
  year      = {2006},
}
%14
@article{KK16,
  author    = {Vini Kanvar and
               Uday P. Khedker},
  title     = {Heap Abstractions for Static Analysis},
  journal   = {{ACM} Comput. Surv.},
  volume    = {49},
  number    = {2},
  pages     = {29:1--29:47},
  year      = {2016},
}
%15
@inproceedings{LCW13,
  author    = {Mengchen Li and
               Yuanjun Chen and
               Linzhang Wang and
               Guoqing (Harry) Xu},
  title     = {Dynamically validating static memory leak warnings},
  booktitle = {Proc.\ International Symposium on Software Testing and Analysis, {ISSTA}},
  pages     = {112-122},
  year      = {2013},
}
%16
@inproceedings{FF09,
  author    = {Cormac Flanagan and
               	Stephen N. Freund},
  title     = {FastTrack: efficient and precise dynamic race detection},
  booktitle = {Proc.\ 30th ACM SIGPLAN Conference on Programming Language Design and Implementation - {PLDI}},
  pages     = {121-133},
  year      = {2009},
}
%17
@inproceedings{JM07,
  author    = {Maria Jump and
               	Kathryn S. McKinley},
  title     = {Cork: dynamic memory leak detection for garbage-collected languages},
  booktitle = {Proc.\ 34th annual ACM SIGPLAN-SIGACT symposium on Principles of programming languages - {POPL}},
  pages     = {31-38},
  year      = {2007},
} 
%18
@phdthesis{J14,
author = {Xiu-Juan Ji},
title ={Research on the Static Analysis of Resource Leak Fault},
school ={College of Computer and Control Engineering, Nankai University},
address = {Tianjin, China},
year = {2014},
}
%19
@inproceedings{XA05,
  author    = {Yichen Xie and
               Alexander Aiken},
  title     = {Context- and path-sensitive memory leak detection},
  booktitle = {Proc.\ 10th European Software Engineering Conference held
               jointly with 13th International Symposium on Foundations
               of Software Engineering},
  pages     = {115-125},
  year      = {2005},
}
%20
@article{YZ04,
author = {Yu Yang and Jian Zhang},
title = {Static Program Analysis Techniques and Tools},
journal = {Computer Science},
volume = {31},
number = {2},
pages = {171-174},
year = {2004},
note = {http://www.cqvip.com/qk/92817x/200402/9323003.html, accessed at 25 June 2017},
}
%21
@inproceedings{KK12,
author ={Bernhard Katzmarski and Rainer Koschke},
title = {Program complexity metrics and programmer opinions},
booktitle={Proc.\ 20th International Conference on Program Comprehension - {ICPC}},
year ={2012},
pages ={17-26},
}
%22
@inproceedings{AJ06,
  author    = {Ashish Aggarwal and
               Pankaj Jalote},
  title     = {Integrating Static and Dynamic Analysis for Detecting Vulnerabilities},
  booktitle = {Proc.\ 30th International Computer Software and Applications Conference - {COMPSAC}},
  pages     = {343-350},
  year      = {2006},
}
%23
@inproceedings{HRMD12,
author={Davenport James H., Bradford Russell, England Matthew and Wilson David},
title ={Program Verification in the presence of complex numbers, functions with branch cuts etc},
booktitle={Proc.\ 13th International Symposium on Symbolic and Numeric Algorithms for Scientific Computing - {SYNASC}},
pages={83-88},
year={2012},
}
%24
@inproceedings{SYX12,
  author    = {Yulei Sui and
               Ding Ye and
               Jingling Xue},
  title     = {Static memory leak detection using full-sparse value-flow analysis},
  booktitle = {Proc.\ International Symposium on Software Testing and Analysis - {ISSTA}},
  pages     = {254-264},
  year      = {2012},
}
%25
@inproceedings{XR08,
  author    = {Guoqing Xu and
               	Atanas Rountev},
  title     = {Precise memory leak detection for java software using container profiling},
  booktitle = {Proc.\ 30th international conference on Software engineering - {ICSE}},
  pages     = {151-160},
  year      = {2008},
}